@MISC{slides,
		AUTHOR = "Paulo Borba"
		TITLE = "Software and systems engineering"
		howpublished = {\url{https://classroom.google.com/u/1/c/MTYwMTk0NTE5NTJa}}
		}
@BOOK{Ian,
	Author = "Ian Sommerville"
	Title = "Software Engineering Ninth Edition"
	Publisher = "Pearson"
	Year = "2011"
	}